
@inproceedings{iyyer:2014,
  Author = {Mohit Iyyer and Jordan Boyd-Graber and Leonardo Claudino and Richard Socher and Hal {Daume III}},
  Booktitle = {Empirical Methods in Natural Language Processing},
  Location = {Doha, Qatar},
  Year = {2014},
  Title = {A Neural Network for Factoid Question Answering over Paragraphs},
}

@inproceedings{Boyd-Graber:2012,
  author = {Boyd-Graber, Jordan and Satinoff, Brianna and He, He and Daum{\'e},III, Hal},
  title = {Besting the Quiz Master: Crowdsourcing Incremental Classification Games},
  booktitle = {Proceedings of the 2012 Joint Conference on Empirical Methods in Natural Language Processing and Computational Natural Language Learning},
  series = {EMNLP-CoNLL '12},
  year = {2012},
  location = {Jeju Island, Korea},
  pages = {1290--1301},
  numpages = {12},
  url = {http://dl.acm.org/citation.cfm?id=2390948.2391094},
  acmid = {2391094},
  publisher = {Association for Computational Linguistics},
  address = {Stroudsburg, PA, USA},
} 


